@article{equere2020definition,
  title={Definition of a new morphological parameter to improve prediction of urban heat island},
  author={Equere, Victor and Mirzaei, Parham A and Riffat, Saffa},
  journal={Sustainable Cities and Society},
  volume={56},
  pages={102021},
  year={2020},
  publisher={Elsevier}
}
@article{dimoudi2013investigation,
  title={Investigation of urban microclimate parameters in an urban center},
  author={Dimoudi, A and Kantzioura, A and Zoras, S and Pallas, C and Kosmopoulos, P},
  journal={Energy and Buildings},
  volume={64},
  pages={1--9},
  year={2013},
  publisher={Elsevier}
}
@inproceedings{sanchez2020learning,
  title={Learning to simulate complex physics with graph networks},
  author={Sanchez-Gonzalez, Alvaro and Godwin, Jonathan and Pfaff, Tobias and Ying, Rex and Leskovec, Jure and Battaglia, Peter},
  booktitle={International conference on machine learning},
  pages={8459--8468},
  year={2020},
  organization={PMLR}
}
@inproceedings{alet2019graph,
  title={Graph element networks: adaptive, structured computation and memory},
  author={Alet, Ferran and Jeewajee, Adarsh Keshav and Villalonga, Maria Bauza and Rodriguez, Alberto and Lozano-Perez, Tomas and Kaelbling, Leslie},
  booktitle={International Conference on Machine Learning},
  pages={212--222},
  year={2019},
  organization={PMLR}
}
@article{li2019urban,
  title={Urban heat island impacts on building energy consumption: A review of approaches and findings},
  author={Li, Xiaoma and Zhou, Yuyu and Yu, Sha and Jia, Gensuo and Li, Huidong and Li, Wenliang},
  journal={Energy},
  volume={174},
  pages={407--419},
  year={2019},
  publisher={Elsevier}
}
@article{zhou2018satellite,
  title={Satellite remote sensing of surface urban heat islands: Progress, challenges, and perspectives},
  author={Zhou, Decheng and Xiao, Jingfeng and Bonafoni, Stefania and Berger, Christian and Deilami, Kaveh and Zhou, Yuyu and Frolking, Steve and Yao, Rui and Qiao, Zhi and Sobrino, Jos{\'e} A},
  journal={Remote Sensing},
  volume={11},
  number={1},
  pages={48},
  year={2018},
  publisher={MDPI}
}
@article{santamouris2015impact,
  title={On the impact of urban heat island and global warming on the power demand and electricity consumption of buildings-A review},
  author={Santamouris, Matheos and Cartalis, Constantinos and Synnefa, Afroditi and Kolokotsa, Dania},
  journal={Energy and buildings},
  volume={98},
  pages={119--124},
  year={2015},
  publisher={Elsevier}
}
@article{heaviside2017urban,
  title={The urban heat island: implications for health in a changing environment},
  author={Heaviside, Clare and Macintyre, Helen and Vardoulakis, Sotiris},
  journal={Current environmental health reports},
  volume={4},
  pages={296--305},
  year={2017},
  publisher={Springer}
}
@article{yu2017spatio,
  title={Spatio-temporal graph convolutional networks: A deep learning framework for traffic forecasting},
  author={Yu, Bing and Yin, Haoteng and Zhu, Zhanxing},
  journal={arXiv preprint arXiv:1709.04875},
  year={2017}
}
@inproceedings{zeng2023transformers,
  title={Are transformers effective for time series forecasting?},
  author={Zeng, Ailing and Chen, Muxi and Zhang, Lei and Xu, Qiang},
  booktitle={Proceedings of the AAAI conference on artificial intelligence},
  volume={37},
  number={9},
  pages={11121--11128},
  year={2023}
}
@article{yang2024graphagent,
  title={GraphAgent: Agentic Graph Language Assistant},
  author={Yang, Yuhao and Tang, Jiabin and Xia, Lianghao and Zou, Xingchen and Liang, Yuxuan and Huang, Chao},
  journal={arXiv preprint arXiv:2412.17029},
  year={2024}
}
@inproceedings{hao2025nature,
  title={Nature makes no leaps: Building continuous location embeddings with satellite imagery from the web},
  author={Hao, Xixuan and Chen, Wei and Zou, Xingchen and Liang, Yuxuan},
  booktitle={Proceedings of the ACM on Web Conference 2025},
  pages={2799--2812},
  year={2025}
}
@article{hao2025unlocking,
  title={Unlocking Location Intelligence: A Survey from Deep Learning to The LLM Era},
  author={Hao, Xixuan and Jiang, Yutian and Zou, Xingchen and Liu, Jiabo and Yin, Yifang and Liang, Yuxuan},
  journal={arXiv preprint arXiv:2505.09651},
  year={2025}
}
@article{nie2022time,
  title={A time series is worth 64 words: Long-term forecasting with transformers},
  author={Nie, Yuqi and Nguyen, Nam H and Sinthong, Phanwadee and Kalagnanam, Jayant},
  journal={arXiv preprint arXiv:2211.14730},
  year={2022}
}
@article{wu2021autoformer,
  title={Autoformer: Decomposition transformers with auto-correlation for long-term series forecasting},
  author={Wu, Haixu and Xu, Jiehui and Wang, Jianmin and Long, Mingsheng},
  journal={Advances in neural information processing systems},
  volume={34},
  pages={22419--22430},
  year={2021}
}
@article{liu2023itransformer,
  title={itransformer: Inverted transformers are effective for time series forecasting},
  author={Liu, Yong and Hu, Tengge and Zhang, Haoran and Wu, Haixu and Wang, Shiyu and Ma, Lintao and Long, Mingsheng},
  journal={arXiv preprint arXiv:2310.06625},
  year={2023}
}
@article{wen2022transformers,
  title={Transformers in time series: A survey},
  author={Wen, Qingsong and Zhou, Tian and Zhang, Chaoli and Chen, Weiqi and Ma, Ziqing and Yan, Junchi and Sun, Liang},
  journal={arXiv preprint arXiv:2202.07125},
  year={2022}
}
@article{mass1998regional,
  title={Regional real-time numerical weather prediction: Current status and future potential},
  author={Mass, Clifford F and Kuo, Ying-Hwa},
  journal={Bulletin of the American Meteorological Society},
  volume={79},
  number={2},
  pages={253--264},
  year={1998},
  publisher={American Meteorological Society}
}
@article{schultz2021can,
  title={Can deep learning beat numerical weather prediction?},
  author={Schultz, Martin G and Betancourt, Clara and Gong, Bing and Kleinert, Felix and Langguth, Michael and Leufen, Lukas Hubert and Mozaffari, Amirpasha and Stadtler, Scarlet},
  journal={Philosophical Transactions of the Royal Society A},
  volume={379},
  number={2194},
  pages={20200097},
  year={2021},
  publisher={The Royal Society Publishing}
}
@article{bauer2015quiet,
  title={The quiet revolution of numerical weather prediction},
  author={Bauer, Peter and Thorpe, Alan and Brunet, Gilbert},
  journal={Nature},
  volume={525},
  number={7567},
  pages={47--55},
  year={2015},
  publisher={Nature Publishing Group UK London}
}
@inproceedings{lu2020spatiotemporal,
  title={Spatiotemporal adaptive gated graph convolution network for urban traffic flow forecasting},
  author={Lu, Bin and Gan, Xiaoying and Jin, Haiming and Fu, Luoyi and Zhang, Haisong},
  booktitle={Proceedings of the 29th ACM International conference on information \& knowledge management},
  pages={1025--1034},
  year={2020}
}
@inproceedings{song2020spatial,
  title={Spatial-temporal synchronous graph convolutional networks: A new framework for spatial-temporal network data forecasting},
  author={Song, Chao and Lin, Youfang and Guo, Shengnan and Wan, Huaiyu},
  booktitle={Proceedings of the AAAI conference on artificial intelligence},
  volume={34},
  number={01},
  pages={914--921},
  year={2020}
}
@article{zienkiewicz1981general,
  title={A general formulation for coupled thermal flow of metals using finite elements},
  author={Zienkiewicz, OC and O{\~n}ae, E and Heinrich, JC},
  journal={International Journal for Numerical Methods in Engineering},
  volume={17},
  number={10},
  pages={1497--1514},
  year={1981},
  publisher={Wiley Online Library}
}
@article{qian2015thermodynamics,
  title={Thermodynamics cycle analysis and numerical modeling of thermoelastic cooling systems},
  author={Qian, Suxin and Ling, Jiazhen and Hwang, Yunho and Radermacher, Reinhard and Takeuchi, Ichiro},
  journal={International Journal of Refrigeration},
  volume={56},
  pages={65--80},
  year={2015},
  publisher={Elsevier}
}
@article{chen2010review,
  title={A review of thermodynamic cycles and working fluids for the conversion of low-grade heat},
  author={Chen, Huijuan and Goswami, D Yogi and Stefanakos, Elias K},
  journal={Renewable and sustainable energy reviews},
  volume={14},
  number={9},
  pages={3059--3067},
  year={2010},
  publisher={Elsevier}
}
@book{lewis2004fundamentals,
  title={Fundamentals of the finite element method for heat and fluid flow},
  author={Lewis, Roland W and Nithiarasu, Perumal and Seetharamu, Kankanhalli N},
  year={2004},
  publisher={John Wiley \& Sons}
}
@article{doob1955probability,
  title={A probability approach to the heat equation},
  author={Doob, Joseph L},
  journal={Transactions of the American Mathematical Society},
  volume={80},
  number={1},
  pages={216--280},
  year={1955},
  publisher={JSTOR}
}
@article{park2021differing,
  title={Differing spatial patterns of the urban heat exposure of elderly populations in two megacities identifies alternate adaptation strategies},
  author={Park, Chae Yeon and Thorne, James H and Hashimoto, Shizuka and Lee, Dong Kun and Takahashi, Kiyoshi},
  journal={Science of the Total Environment},
  volume={781},
  pages={146455},
  year={2021},
  publisher={Elsevier}
}
@article{zhu2023urban,
  title={Urban heat health risk assessment in Singapore to support resilient urban design-By integrating urban heat and the distribution of the elderly population},
  author={Zhu, Wei and Yuan, Chao},
  journal={Cities},
  volume={132},
  pages={104103},
  year={2023},
  publisher={Elsevier}
}
@article{santamouris2014energy,
  title={On the energy impact of urban heat island and global warming on buildings},
  author={Santamouris, M},
  journal={Energy and buildings},
  volume={82},
  pages={100--113},
  year={2014},
  publisher={Elsevier}
}
@article{alcoforado2008global,
  title={Global warming and the urban heat island},
  author={Alcoforado, Maria Jo{\~a}o and Andrade, Henrique},
  journal={Urban ecology: An international perspective on the interaction between humans and nature},
  pages={249--262},
  year={2008},
  publisher={Springer}
}
@article{yoo2018investigating,
  title={Investigating important urban characteristics in the formation of urban heat islands: A machine learning approach},
  author={Yoo, Sanglim},
  journal={Journal of Big Data},
  volume={5},
  number={1},
  pages={2},
  year={2018},
  publisher={Springer}
}
@article{lyu2022integrated,
  title={An integrated cyberGIS and machine learning framework for fine-scale prediction of Urban Heat Island using satellite remote sensing and urban sensor network data},
  author={Lyu, Fangzheng and Wang, Shaohua and Han, Su Yeon and Catlett, Charlie and Wang, Shaowen},
  journal={Urban Informatics},
  volume={1},
  number={1},
  pages={6},
  year={2022},
  publisher={Springer}
}
@article{keivani2009review,
  title={A review of the main challenges to urban sustainability},
  author={Keivani, Ramin},
  journal={International Journal of Urban Sustainable Development},
  volume={1},
  number={1-2},
  pages={5--16},
  year={2009},
  publisher={Taylor \& Francis}
}
@article{zheng2014urban,
  title={Urban computing: concepts, methodologies, and applications},
  author={Zheng, Yu and Capra, Licia and Wolfson, Ouri and Yang, Hai},
  journal={ACM Transactions on Intelligent Systems and Technology (TIST)},
  volume={5},
  number={3},
  pages={1--55},
  year={2014},
  publisher={ACM New York, NY, USA}
}
@book{krupat1985people,
  title={People in cities: The urban environment and its effects},
  author={Krupat, Edward},
  number={6},
  year={1985},
  publisher={Cambridge University Press}
}
@article{li2023dynamic,
  title={Dynamic graph convolutional recurrent network for traffic prediction: Benchmark and solution},
  author={Li, Fuxian and Feng, Jie and Yan, Huan and Jin, Guangyin and Yang, Fan and Sun, Funing and Jin, Depeng and Li, Yong},
  journal={ACM Transactions on Knowledge Discovery from Data},
  volume={17},
  number={1},
  pages={1--21},
  year={2023},
  publisher={ACM New York, NY}
}
@article{yin2021deep,
  title={Deep learning on traffic prediction: Methods, analysis, and future directions},
  author={Yin, Xueyan and Wu, Genze and Wei, Jinze and Shen, Yanming and Qi, Heng and Yin, Baocai},
  journal={IEEE Transactions on Intelligent Transportation Systems},
  volume={23},
  number={6},
  pages={4927--4943},
  year={2021},
  publisher={IEEE}
}
@inproceedings{liang2023airformer,
  title={Airformer: Predicting nationwide air quality in china with transformers},
  author={Liang, Yuxuan and Xia, Yutong and Ke, Songyu and Wang, Yiwei and Wen, Qingsong and Zhang, Junbo and Zheng, Yu and Zimmermann, Roger},
  booktitle={Proceedings of the AAAI Conference on Artificial Intelligence},
  volume={37},
  number={12},
  pages={14329--14337},
  year={2023}
}

@article{nguyen2023scaling,
  title={Scaling transformer neural networks for skillful and reliable medium-range weather forecasting},
  author={Nguyen, Tung and Shah, Rohan and Bansal, Hritik and Arcomano, Troy and Maulik, Romit and Kotamarthi, Veerabhadra and Foster, Ian and Madireddy, Sandeep and Grover, Aditya},
  journal={arXiv preprint arXiv:2312.03876},
  year={2023}
}

@article{price2023gencast,
  title={Gencast: Diffusion-based ensemble forecasting for medium-range weather},
  author={Price, Ilan and Sanchez-Gonzalez, Alvaro and Alet, Ferran and Andersson, Tom R and El-Kadi, Andrew and Masters, Dominic and Ewalds, Timo and Stott, Jacklynn and Mohamed, Shakir and Battaglia, Peter and others},
  journal={arXiv preprint arXiv:2312.15796},
  year={2023}
}
@book{widder1976heat,
  title={The heat equation},
  author={Widder, David Vernon},
  volume={67},
  year={1976},
  publisher={Academic Press}
}
@article{xu2024improvement,
  title={Improvement of disastrous extreme precipitation forecasting in North China by Pangu-weather AI-driven regional WRF model},
  author={Xu, Hongxiong and Zhao, Yang and Zhao, Dajun and Duan, Yihong and Xu, Xiangde},
  journal={Environmental Research Letters},
  volume={19},
  number={5},
  pages={054051},
  year={2024},
  publisher={IOP Publishing}
}

@article{huang2025initial,
  title={Initial results of atmospheric weighted mean temperature estimation with Pangu-Weather in real-time GNSS PWV retrieval for China},
  author={Huang, Liangke and Wang, Yicai and Bi, Haohang and Zhu, Ge and Liu, Lilong and Jiang, Weiping},
  journal={GPS Solutions},
  volume={29},
  number={1},
  pages={48},
  year={2025},
  publisher={Springer}
}

@article{olivetti2024data,
  title={Do data-driven models beat numerical models in forecasting weather extremes? A comparison of IFS HRES, Pangu-Weather, and GraphCast},
  author={Olivetti, Leonardo and Messori, Gabriele},
  journal={Geoscientific Model Development},
  volume={17},
  number={21},
  pages={7915--7962},
  year={2024},
  publisher={Copernicus Publications G{\"o}ttingen, Germany}
}
@article{bi2022pangu,
  title={Pangu-weather: A 3d high-resolution model for fast and accurate global weather forecast},
  author={Bi, Kaifeng and Xie, Lingxi and Zhang, Hengheng and Chen, Xin and Gu, Xiaotao and Tian, Qi},
  journal={arXiv preprint arXiv:2211.02556},
  year={2022}
}
@article{price2025probabilistic,
  title={Probabilistic weather forecasting with machine learning},
  author={Price, Ilan and Sanchez-Gonzalez, Alvaro and Alet, Ferran and Andersson, Tom R and El-Kadi, Andrew and Masters, Dominic and Ewalds, Timo and Stott, Jacklynn and Mohamed, Shakir and Battaglia, Peter and others},
  journal={Nature},
  volume={637},
  number={8044},
  pages={84--90},
  year={2025},
  publisher={Nature Publishing Group}
}
@article{yang2022quantitative,
  title={Quantitative analysis and prediction of urban heat island intensity on urban-rural gradient: A case study of Shanghai},
  author={Yang, Yi and Guangrong, Shen and Chen, Zhang and Hao, Sun and Zhouyiling, Zhang and Shan, Yin},
  journal={Science of the Total Environment},
  volume={829},
  pages={154264},
  year={2022},
  publisher={Elsevier}
}
@article{adilkhanova2022recent,
  title={Recent advances in black box and white-box models for urban heat island prediction: Implications of fusing the two methods},
  author={Adilkhanova, Indira and Ngarambe, Jack and Yun, Geun Young},
  journal={Renewable and Sustainable Energy Reviews},
  volume={165},
  pages={112520},
  year={2022},
  publisher={Elsevier}
}
@article{tehrani2024predicting,
  title={Predicting urban Heat Island in European cities: A comparative study of GRU, DNN, and ANN models using urban morphological variables},
  author={Tehrani, Alireza Attarhay and Veisi, Omid and Delavar, Yasin and Bahrami, Sasan and Sobhaninia, Saeideh and Mehan, Asma and others},
  journal={Urban Climate},
  volume={56},
  pages={102061},
  year={2024},
  publisher={Elsevier}
}
@article{diem2024remote,
  title={Remote sensing for urban heat island research: Progress, current issues, and perspectives},
  author={Diem, Phan Kieu and Nguyen, Can Trong and Diem, Nguyen Kieu and Diep, Nguyen Thi Hong and Thao, Pham Thi Bich and Hong, Tran Gia and Phan, Thanh Noi},
  journal={Remote Sensing Applications: Society and Environment},
  volume={33},
  pages={101081},
  year={2024},
  publisher={Elsevier}
}
@article{peng2012surface,
  title={Surface urban heat island across 419 global big cities},
  author={Peng, Shushi and Piao, Shilong and Ciais, Philippe and Friedlingstein, Pierre and Ottle, Catherine and Br{\'e}on, Fran{\c{c}}ois-Marie and Nan, Huijuan and Zhou, Liming and Myneni, Ranga B},
  journal={Environmental science \& technology},
  volume={46},
  number={2},
  pages={696--703},
  year={2012},
  publisher={ACS Publications}
}
@article{mirzaei2010approaches,
  title={Approaches to study urban heat island--abilities and limitations},
  author={Mirzaei, Parham A and Haghighat, Fariborz},
  journal={Building and environment},
  volume={45},
  number={10},
  pages={2192--2201},
  year={2010},
  publisher={Elsevier}
}
@article{yang2016research,
  title={Research on urban heat-island effect},
  author={Yang, Li and Qian, Feng and Song, De-Xuan and Zheng, Ke-Jia},
  journal={Procedia engineering},
  volume={169},
  pages={11--18},
  year={2016},
  publisher={Elsevier}
}
@article{rizwan2008review,
  title={A review on the generation, determination and mitigation of Urban Heat Island},
  author={Rizwan, Ahmed Memon and Dennis, Leung YC and Chunho, LIU},
  journal={Journal of environmental sciences},
  volume={20},
  number={1},
  pages={120--128},
  year={2008},
  publisher={Elsevier}
}
@article{lu2015policy,
  title={Policy: Five priorities for the UN sustainable development goals},
  author={Lu, Yonglong and Nakicenovic, Nebojsa and Visbeck, Martin and Stevance, Anne-Sophie},
  journal={Nature},
  volume={520},
  number={7548},
  pages={432--433},
  year={2015},
  publisher={Nature Publishing Group UK London}
}
@article{lee2022tilde,
  title={TILDE-Q: a transformation invariant loss function for time-series forecasting},
  author={Lee, Hyunwook and Lee, Chunggi and Lim, Hongkyu and Ko, Sungahn},
  journal={arXiv preprint arXiv:2210.15050},
  year={2022}
}
@inproceedings{wu2019graph,
  title={Graph wavenet for deep spatial-temporal graph modeling},
  author={Wu, Zonghan and Pan, Shirui and Long, Guodong and Jiang, Jing and Zhang, Chengqi},
  booktitle={Proceedings of the 28th International Joint Conference on Artificial Intelligence},
  pages={1907--1913},
  year={2019}
}
@inproceedings{kim2021reversible,
  title     = {Reversible Instance Normalization for Accurate Time-Series Forecasting against Distribution Shift},
  author    = {Kim, Taesung and 
               Kim, Jinhee and 
               Tae, Yunwon and 
               Park, Cheonbok and 
               Choi, Jang-Ho and 
               Choo, Jaegul},
  booktitle = {International Conference on Learning Representations},
  year      = {2021},
  url       = {https://openreview.net/forum?id=cGDAkQo1C0p}
}
@inproceedings{lincyclenet,
  title={CycleNet: Enhancing Time Series Forecasting through Modeling Periodic Patterns},
  author={Lin, Shengsheng and Lin, Weiwei and Xinyi, HU and Wu, Wentai and Mo, Ruichao and Zhong, Haocheng},
  booktitle={The Thirty-eighth Annual Conference on Neural Information Processing Systems}
}
@article{pauleit2000assessing,
  title={Assessing the environmental performance of land cover types for urban planning},
  author={Pauleit, Stephan and Duhme, Friedrich},
  journal={Landscape and urban planning},
  volume={52},
  number={1},
  pages={1--20},
  year={2000},
  publisher={Elsevier}
}
@article{li2024deep,
  title={Deep learning for urban land use category classification: A review and experimental assessment},
  author={Li, Ziming and Chen, Bin and Wu, Shengbiao and Su, Mo and Chen, Jing M and Xu, Bing},
  journal={Remote Sensing of Environment},
  volume={311},
  pages={114290},
  year={2024},
  publisher={Elsevier}
}
@article{heisler2010urban,
  title={The urban physical environment: Temperature and urban heat islands},
  author={Heisler, Gordon M and Brazel, Anthony J},
  journal={Urban ecosystem ecology},
  volume={55},
  pages={29--56},
  year={2010},
  publisher={Wiley Online Library}
}
@article{gomez2004experimental,
  title={Experimental investigation on the thermal comfort in the city: relationship with the green areas, interaction with the urban microclimate},
  author={G{\'o}mez, Francisco and Gil, Luisa and Jabaloyes, Jos{\'e}},
  journal={Building and environment},
  volume={39},
  number={9},
  pages={1077--1086},
  year={2004},
  publisher={Elsevier}
}
@article{yang2023urban,
  title={Urban microclimate and its impact on built environment--a review},
  author={Yang, Senwen and Wang, Liangzhu Leon and Stathopoulos, Ted and Marey, Ahmed Moustafa},
  journal={Building and Environment},
  volume={238},
  pages={110334},
  year={2023},
  publisher={Elsevier}
}
@inproceedings{liu2023spatio,
  title={Spatio-temporal adaptive embedding makes vanilla transformer sota for traffic forecasting},
  author={Liu, Hangchen and Dong, Zheng and Jiang, Renhe and Deng, Jiewen and Deng, Jinliang and Chen, Quanjun and Song, Xuan},
  booktitle={Proceedings of the 32nd ACM international conference on information and knowledge management},
  pages={4125--4129},
  year={2023}
}
@book{madsen2007time,
  title={Time series analysis},
  author={Madsen, Henrik},
  year={2007},
  publisher={Chapman and Hall/CRC}
}
@inproceedings{shao2022spatial,
  title={Spatial-temporal identity: A simple yet effective baseline for multivariate time series forecasting},
  author={Shao, Zezhi and Zhang, Zhao and Wang, Fei and Wei, Wei and Xu, Yongjun},
  booktitle={Proceedings of the 31st ACM International Conference on Information \& Knowledge Management},
  pages={4454--4458},
  year={2022}
}
@inproceedings{wu2020connecting,
  title={Connecting the dots: Multivariate time series forecasting with graph neural networks},
  author={Wu, Zonghan and Pan, Shirui and Long, Guodong and Jiang, Jing and Chang, Xiaojun and Zhang, Chengqi},
  booktitle={Proceedings of the 26th ACM SIGKDD international conference on knowledge discovery \& data mining},
  pages={753--763},
  year={2020}
}
@article{zou2025deep,
  title={Deep learning for cross-domain data fusion in urban computing: Taxonomy, advances, and outlook},
  author={Zou, Xingchen and Yan, Yibo and Hao, Xixuan and Hu, Yuehong and Wen, Haomin and Liu, Erdong and Zhang, Junbo and Li, Yong and Li, Tianrui and Zheng, Yu and others},
  journal={Information Fusion},
  volume={113},
  pages={102606},
  year={2025},
  publisher={Elsevier}
}
@article{zou2024learning,
  title={Learning Geospatial Region Embedding with Heterogeneous Graph},
  author={Zou, Xingchen and Huang, Jiani and Hao, Xixuan and Yang, Yuhao and Wen, Haomin and Yan, Yibo and Huang, Chao and Liang, Yuxuan},
  journal={arXiv preprint arXiv:2405.14135},
  year={2024}
}

@article{reitzle2019semi,
  title={Semi-analytical solution of the time-dependent heat equation for three-dimensional anisotropic multi-layered media},
  author={Reitzle, Dominik and Geiger, Simeon and Kienle, Alwin},
  journal={International Journal of Heat and Mass Transfer},
  volume={134},
  pages={984--992},
  year={2019},
  publisher={Elsevier}
}
@article{shao2024exploring,
 title={Exploring progress in multivariate time series forecasting: Comprehensive benchmarking and heterogeneity analysis},
 author={Shao, Zezhi and Wang, Fei and Xu, Yongjun and Wei, Wei and Yu, Chengqing and Zhang, Zhao and Yao, Di and Sun, Tao and Jin, Guangyin and Cao, Xin and others},
 journal={IEEE Transactions on Knowledge and Data Engineering},
 year={2024},
 publisher={IEEE}
}

@article{equere2021integration,
  title={Integration of topological aspect of city terrains to predict the spatial distribution of urban heat island using GIS and ANN},
  author={Equere, Victor and Mirzaei, Parham A and Riffat, Saffa and Wang, Yilin},
  journal={Sustainable Cities and Society},
  volume={69},
  pages={102825},
  year={2021},
  publisher={Elsevier}
}

@article{han2024microclimate,
  title={Microclimate spatio-temporal prediction using deep learning and land use data},
  author={Han, Jintong and Chong, Adrian and Lim, Joie and Ramasamy, Savitha and Wong, Nyuk Hien and Biljecki, Filip},
  journal={Building and Environment},
  volume={253},
  pages={111358},
  year={2024},
  publisher={Elsevier}
}

@inproceedings{liu2022contrastive,
  title={When do contrastive learning signals help spatio-temporal graph forecasting?},
  author={Liu, Xu and Liang, Yuxuan and Huang, Chao and Zheng, Yu and Hooi, Bryan and Zimmermann, Roger},
  booktitle={Proceedings of the 30th international conference on advances in geographic information systems},
  pages={1--12},
  year={2022}
}

@inproceedings{wen2023diffstg,
  title={Diffstg: Probabilistic spatio-temporal graph forecasting with denoising diffusion models},
  author={Wen, Haomin and Lin, Youfang and Xia, Yutong and Wan, Huaiyu and Wen, Qingsong and Zimmermann, Roger and Liang, Yuxuan},
  booktitle={Proceedings of the 31st ACM International Conference on Advances in Geographic Information Systems},
  pages={1--12},
  year={2023}
}

@article{liang2025foundation,
  title={Foundation models for spatio-temporal data science: A tutorial and survey},
  author={Liang, Yuxuan and Wen, Haomin and Xia, Yutong and Jin, Ming and Yang, Bin and Salim, Flora and Wen, Qingsong and Pan, Shirui and Cong, Gao},
  journal={arXiv preprint arXiv:2503.13502},
  year={2025}
}